@ARTICLE{thomas16,
author={L. D. W. Thomas and A. Leiponen},
journal={IEEE Engineering Management Review},
title={Big data commercialization},
year={2016},
volume={44},
number={2},
pages={74-90},
keywords={Big Data;business data processing;data privacy;pricing;professional aspects;Big Data commercialization;commercial transactions;systematic literature review;business types;data supplier;data manager;data custodian;data aggregator;application developer;service provider;business model emergence process;data ecosystems;ecosystem structure;ecosystem dynamics;IP protection;regulatory complexity;pricing;data agreement development;Big data;Commercialization;Organizations;Conferences;Ecosystems;Systematics;Big data;commercialization;data marketplaces;business models;data ecosystems;systematic literature review},
doi={10.1109/EMR.2016.2568798},
ISSN={0360-8581},
month={Second},}